@inproceedings{minka2002expectation,
  title={Expectation-propagation for the generative aspect model},
  author={Minka, Thomas and Lafferty, John},
  booktitle={Proceedings of the Eighteenth conference on Uncertainty in artificial intelligence},
  pages={352--359},
  year={2002},
  organization={Morgan Kaufmann Publishers Inc.}
}

@article{griffiths2002gibbs,
  title={Gibbs sampling in the generative model of latent dirichlet allocation},
  author={Griffiths, Thomas},
  journal={Standford University},
  volume={518},
  number={11},
  pages={1--3},
  year={2002}
}

@book{liu2008monte,
  title={Monte Carlo strategies in scientific computing},
  author={Liu, Jun S},
  year={2008},
  publisher={springer}
}