%% This BibTeX bibliography file was created using BibDesk.
%% http://bibdesk.sourceforge.net/


%% Created for Wei Chen at 2013-11-01 00:26:23 -0400 


%% Saved with string encoding Unicode (UTF-8) 



@inproceedings{hofmann1999probabilistic,
	Author = {Hofmann, Thomas},
	Booktitle = {Proceedings of the 22nd annual international ACM SIGIR conference on Research and development in information retrieval},
	Date-Added = {2013-11-01 04:26:18 +0000},
	Date-Modified = {2013-11-01 04:26:18 +0000},
	Organization = {ACM},
	Pages = {50--57},
	Title = {Probabilistic latent semantic indexing},
	Year = {1999}}

@inproceedings{faloutsos1994beyond,
	Author = {Faloutsos, Christos and Kamel, Ibrahim},
	Booktitle = {Proceedings of the thirteenth ACM SIGACT-SIGMOD-SIGART symposium on Principles of database systems},
	Date-Added = {2013-10-22 14:38:42 +0000},
	Date-Modified = {2013-10-22 14:38:42 +0000},
	Organization = {ACM},
	Pages = {4--13},
	Title = {Beyond uniformity and independence: Analysis of R-trees using the concept of fractal dimension},
	Year = {1994}}

@article{comer1979ubiquitous,
	Author = {Comer, Douglas},
	Date-Added = {2013-10-22 00:19:56 +0000},
	Date-Modified = {2013-10-22 00:19:56 +0000},
	Journal = {ACM Computing Surveys (CSUR)},
	Number = {2},
	Pages = {121--137},
	Publisher = {ACM},
	Title = {Ubiquitous B-tree},
	Volume = {11},
	Year = {1979}}

@article{newman2005power,
	Author = {Newman, Mark EJ},
	Date-Added = {2013-10-20 02:07:59 +0000},
	Date-Modified = {2013-10-20 02:07:59 +0000},
	Journal = {Contemporary physics},
	Number = {5},
	Pages = {323--351},
	Publisher = {Taylor \& Francis},
	Title = {Power laws, Pareto distributions and Zipf's law},
	Volume = {46},
	Year = {2005}}

@inproceedings{joachims2002optimizing,
	Author = {Joachims, Thorsten},
	Booktitle = {Proceedings of the eighth ACM SIGKDD international conference on Knowledge discovery and data mining},
	Date-Added = {2013-10-15 00:15:14 +0000},
	Date-Modified = {2013-10-15 00:15:14 +0000},
	Organization = {ACM},
	Pages = {133--142},
	Title = {Optimizing search engines using clickthrough data},
	Year = {2002}}

@article{zobel2006inverted,
	Author = {Zobel, Justin and Moffat, Alistair},
	Date-Added = {2013-10-14 02:55:55 +0000},
	Date-Modified = {2013-10-14 02:55:55 +0000},
	Journal = {ACM Computing Surveys (CSUR)},
	Number = {2},
	Pages = {6},
	Publisher = {ACM},
	Title = {Inverted files for text search engines},
	Volume = {38},
	Year = {2006}}

@article{barroso2003web,
	Author = {Barroso, Luiz Andr{\'e} and Dean, Jeffrey and Holzle, Urs},
	Date-Added = {2013-10-14 02:55:39 +0000},
	Date-Modified = {2013-10-14 02:55:39 +0000},
	Journal = {Micro, Ieee},
	Number = {2},
	Pages = {22--28},
	Publisher = {IEEE},
	Title = {Web search for a planet: The Google cluster architecture},
	Volume = {23},
	Year = {2003}}

@phdthesis{agesen1996concrete,
	Author = {Agesen, Ole},
	School = {Citeseer},
	Title = {Concrete type inference: delivering object-oriented applications},
	Year = {1996}}

@inproceedings{broder2002taxonomy,
	Author = {Broder, Andrei},
	Booktitle = {ACM Sigir forum},
	Number = {2},
	Organization = {ACM},
	Pages = {3--10},
	Title = {A taxonomy of web search},
	Volume = {36},
	Year = {2002}}

@inproceedings{singhal1996pivoted,
	Author = {Singhal, Amit and Buckley, Chris and Mitra, Mandar},
	Booktitle = {Proceedings of the 19th annual international ACM SIGIR conference on Research and development in information retrieval},
	Organization = {ACM},
	Pages = {21--29},
	Title = {Pivoted document length normalization},
	Year = {1996}}
